@article{wiersema1993,
  Author = {Fred Wiersema and Michael Treacy},
  Title = {Customer intimacy and other value disciplines},
  Year = {1993}
}

@book{gleich2008,
  Author = {Gleich, R.},
  Isbn = {9783448088205},
  Publisher = {Haufe-Mediengruppe},
  Series = {Haufe Fachpraxis},
  Title = {Operational Excellence: innovative Ans{\"a}tze und best practices in der produzierenden Industrie},
  Year = {2008}
}

@inbook{hannig2002,
  author = {Hannig, Uwe},
  title = {Knowledge Management + Business Intelligence = Decision Intelligence},
  pages = {3-25},
  chapter = {1}
}

@book{knowl_man_and_bi,
  title = {Knowledge Management and Business Intelligence},
  booktitle = {Knowledge Management and Business Intelligence},
  year = 2002,
  editor = {Hannig, Uwe},
  publisher = {Springer-Verlag Berlin Heidelberg},
  Doi = {10.1007/978-3-642-55950-1}
}

@online{gartner2020,
  Title = {Gartner Glossary. Customer Analytics},
  Url = {https://www.gartner.com/en/information-technology/glossary/customer-analytics},
  Urldate = {2020-02-18}
}

@book{aichele2016,
  Author = {Aichele, C. and Sch{\"o}nberger, M.},
  Isbn = {9783658136871},
  Publisher = {Springer Fachmedien Wiesbaden},
  Title = {E-Business: Eine {\"U}bersicht f{\"u}r erfolgreiches B2B und B2C},
  Url = {https://books.google.de/books?id=1jOlDAAAQBAJ},
  Year = {2016}
}

@book{kumar2018,
  Author = {Kumar, V. and Reinartz, W.},
  Isbn = {9783662553800},
  Publisher = {Springer Berlin Heidelberg},
  Series = {Springer Texts in Business and Economics},
  Title = {Customer Relationship Management: Concept, Strategy, and Tools},
  Year = {2018}
}

@article{hutt2006,
  Author = {Hutt, Michael and Walker, Beth},
  Date-Added = {2020-02-19 11:22:09 +0100},
  Date-Modified = {2020-02-19 11:43:25 +0100},
  Doi = {10.1108/08858620610708966},
  Journal = {Journal of Business \& Industrial Marketing - J BUS IND MARK},
  Month = {12},
  Pages = {466-473},
  Title = {A Network Perspective of Account Manager Performance},
  Volume = {21},
  Year = {2006},
  Bdsk-Url-1 = {https://doi.org/10.1108/08858620610708966}
}

@article{gummesson2011,
  Author = {Gummesson, E.},
  Doi = {10.4324/9780080880112},
  Journal = {Total Relationship Marketing, Third Edition},
  Month = {01},
  Pages = {1-376},
  Title = {Total Relationship Marketing, third edition},
  Year = {2011}
}

@phdthesis{habryn2012,
  Address = {Karlsruher Institut f{\"u}r Technologie (KIT), KIT Scientific Publishing, Stra{\ss}e am Forum 2, D-76131 Karlsruhe},
  Author = {Habryn, Fran{\c c}ois},
  Month = {02},
  School = {KIT Karlsruher Institut f{\"u}r Technologie},
  Title = {Customer Intimacy Analytics. Leveraging Operational Data to Assess Customer Knowledge and Relationships and to Measure their Business Impact},
  Type = {Dissertation},
  Year = {2012}
}

@article{reichheld1990,
  Author = {Reichheld, F. F. and Sasser, W. E.},
  Journal = {Harvard Business Review},
  Pages = {105-111},
  Title = {Zero Defections: Quality Comes to Services},
  Volume = {68},
  Year = {1990}
}

@online{crm_gabler2020,
  Author = {Holland, Heinrich},
  Month = {02},
  Title = {Customer Relationship Management (CRM)},
  Url = {https://wirtschaftslexikon.gabler.de/definition/customer-relationship-management-crm-30809/version-254385},
  Urldate = {2018-02-19},
  Year = {2018}
}

@inproceedings{choudhury2010,
  Author = {Choudhury, Munmun and Mason, Winter and Hofman, Jake and Watts, Duncan},
  Doi = {10.1145/1772690.1772722},
  Journal = {Proceedings of the 19th International Conference on World Wide Web, WWW '10},
  Month = {01},
  Pages = {301-310},
  Title = {Inferring relevant social networks from interpersonal communication},
  Year = {2010}
}

@online{fader2004,
  Author = {Fader, Peter S. and Bruce, G. S. Hardie and Lee, Ka Lok},
  Month = {07},
  Title = {RFM and CLV: Using Iso-value Curves for Customer Base Analysis},
  Url = {http://brucehardie.com/papers/rfm_clv_2005-02-16.pdf},
  Urldate = {2018-02-19},
  Year = {2004}
}

@article{pfeifer2005,
  Author = {Phillip E. Pfeifer and Mark E. Haskins and Robert M. Conroy},
  Issn = {10453695},
  Journal = {Journal of Managerial Issues},
  Number = {1},
  Pages = {11--25},
  Publisher = {Pittsburg State University},
  Title = {Customer Lifetime Value, Customer Profitability, and the Treatment of Acquisition Spending},
  Url = {http://www.jstor.org/stable/40604472},
  Volume = {17},
  Year = {2005}
}

@book{grigsby2016,
  Author = {Grigsby, M.},
  Isbn = {9780749477165},
  Publisher = {Kogan Page},
  Series = {Marketing Science},
  Title = {Advanced Customer Analytics: Targeting, Valuing, Segmenting and Loyalty Techniques},
  Year = {2016}
}

@article{olivarogelio2003,
  Author = {Oliva, Rogelio and Kallenberg, Robert},
  Doi = {10.1108/09564230310474138},
  Journal = {International Journal of Service Industry Management},
  Month = {04},
  Pages = {160-172},
  Title = {Managing the Transition from Products to Services},
  Volume = {14},
  Year = {2003}
}

@techreport{ibm2010,
  Author = {IBM Institute for Business Value},
  Lastchecked = {18.02.2020},
  Month = {May},
  Title = {Capitalizing on Complexity - Insight from the Global CEO Study},
  Url = {https://www.ibm.com/downloads/cas/1VZV5X8J},
  Year = {2010}
}

@article{allan2012,
  Author = {Allan, James and Croft, Bruce and Moffat, Alistair and Sanderson, Mark},
  Doi = {10.1145/2215676.2215678},
  Journal = {Sigir Forum},
  Month = {05},
  Pages = {2-32},
  Title = {Frontiers, challenges, and opportunities for information retrieval: Report from SWIRL 2012 the second strategic workshop on information retrieval in Lorne},
  Volume = {46},
  Year = {2012}
}

@electronic{lenz2017,
  Author = {Lenz, Sven},
  Series = {Churer Schrift zur Informationswissenschaft},
  Title = {Customer Engagement Analytics: Clustering User Navigation Behaviour},
  Volume = {Schrift 91},
  Year = 2017
}

@book{kuhlen1995,
  Author = {Kuhlen, Rainer},
  Isbn = {3-87940-528-X},
  Publisher = {Konstanz: UVK, Univ.-Verl. Konstanz},
  Series = {Schriften zur Informationswissenschaft;15},
  Title = {Informationsmarkt: Chancen und Risiken der Kommerzialisierung von Wissen},
  Year = {1995}
}

@book{rasch2015,
  Author = {Rasch, Dieter and Schott, Dieter},
  Isbn = {9783527692088},
  Publisher = {Wiley-VCH},
  Title = {Mathematische Statistik: F{\"u}̈r Mathematiker, Natur- und Ingenieurwissenschaftler},
  Year = {2015}
}

@book{grundcrm,
  title =     {Grundlagen des CRM : Konzepte und Gestaltung},
  author =    {Hippner, Hajo and Wilde, Klaus D.},
  publisher = {Gabler},
  isbn =      {3409225188,9783409225182},
  year =      {2006},
  edition =   {2., überarb. u. erw. Aufl},
}

@book{biapp,
  title =     {Business Intelligence - Grundlagen und praktische Anwendungen: Eine Einfuhrung in die IT-basierte Managementunterstutzung. Mit Online-Service. 3. Auflage (Studium)},
  author =    {Kemper, Hans-Georg and Baars, Henning and Mehanna, Walid},
  publisher = {Vieweg+Teubner},
  isbn =      {3834807192,9783834807199},
  year =      {2010},
}

@book{rfmr,
  title =     {Profitable Kundenorientierung durch Customer-Relationship-Management (CRM)},
  author =    {Schneider, Willy},
  publisher = {Oldenbourg},
  isbn =      {9783486587456},
  year =      {2008},
}
